<record><leader>00000cas a22000007a 4500</leader><controlfield tag="001">17414477</controlfield><controlfield tag="008">880130d18911945iauwr ne      0    0eng d</controlfield><datafield ind1=" " ind2=" " tag="010"><subfield code="a">sn 88059218 </subfield></datafield><datafield ind1=" " ind2=" " tag="040"><subfield code="a">INP</subfield><subfield code="b">eng</subfield><subfield code="c">INP</subfield><subfield code="d">OCLCQ</subfield></datafield><datafield ind1=" " ind2=" " tag="042"><subfield code="a">msc</subfield></datafield><datafield ind1="0" ind2=" " tag="130"><subfield code="a">West Side journal (West Side, Iowa)</subfield></datafield><datafield ind1="1" ind2="0" tag="245"><subfield code="a">West Side journal.</subfield></datafield><datafield ind1=" " ind2=" " tag="260"><subfield code="a">West Side, Iowa :</subfield><subfield code="b">M.R. Hueschen</subfield></datafield><datafield ind1=" " ind2=" " tag="300"><subfield code="a">v.</subfield></datafield><datafield ind1=" " ind2=" " tag="310"><subfield code="a">Weekly</subfield></datafield><datafield ind1="1" ind2=" " tag="362"><subfield code="a">Issued 1891-Aug. 1945.</subfield></datafield><datafield ind1=" " ind2=" " tag="500"><subfield code="a">West Side, Iowa, now spelled Westside, Iowa.</subfield></datafield><datafield ind1=" " ind2=" " tag="500"><subfield code="a">Publisher varies.</subfield></datafield><datafield ind1=" " ind2=" " tag="588"><subfield code="a">Description based on: Vol. 24, no. 40 (Jan. 7, 1916).</subfield></datafield><datafield ind1=" " ind2=" " tag="752"><subfield code="a">United States</subfield><subfield code="b">Iowa</subfield><subfield code="c">Crawford</subfield><subfield code="d">West Side.</subfield></datafield><datafield ind1=" " ind2=" " tag="752"><subfield code="a">United States</subfield><subfield code="b">Iowa</subfield><subfield code="c">Crawford</subfield><subfield code="d">Westside.</subfield></datafield></record>